@book{Eliasmith2003,
address = {Cambridge, MA},
author = {Eliasmith, Chris and Anderson, Charles H},
publisher = {MIT Press},
title = {{Neural Engineering: Computation, Representation, and Dynamics in Neurobiological Systems}},
year = {2003}
}

@article{Hodgkin1952,
author = {Hodgkin, A L and Huxley, A F},
journal = {The Journal of Physiology},
pages = {500--544},
title = {{A quantitative description of membrane current and its application to conduction and excitation in nerve}},
volume = {117},
year = {1952}
}

@article{Stocks2001a,
author = {Stocks, Nigel G},
journal = {Physical Review E},
number = {4},
pages = {1--9},
title = {{Information transmission in parallel threshold arrays: Suprathreshold stochastic resonance}},
volume = {63},
year = {2001}
}

@article{Lapicque1907,
author = {Lapicque, L},
journal = {J. Physiol. Paris},
pages = {620--635},
title = {{Recherches quantitatifs sur l'excitation electrique des nerfs trait{\'{e}}e comme une polarisation.}},
volume = {9},
year = {1907}
}

@article{Mainen1995,
author = {Mainen, Z F and Sejnowski, Terrence J},
journal = {Science},
month = {jun},
number = {5216},
pages = {1503--6},
title = {{Reliability of spike timing in neocortical neurons.}},
volume = {268},
year = {1995}
}

@article{Salinas1994,
author = {Salinas, E and Abbott, Larry F},
journal = {Journal of Computational Neuroscience},
number = {1},
pages = {89--107},
title = {{Vector reconstruction from firing rates}},
volume = {1},
year = {1994}
}

@techreport{Rumelhart1985,
author = {Rumelhart, D E and Hinton, Geoffrey E and Williams, R J},
booktitle = {{Cognitive Science}},
institution = {UCSD Institute for Cognitive Science},
number = {ICS-8506},
title = {{Learning internal representations by error propagation}},
year = {1985}
}

@article{Lecun1998,
author = {LeCun, Yann and Bottou, L and Bengio, Yoshua and Haffner, P},
journal = {Proc. IEEE},
number = {11},
pages = {2278--2324},
title = {{Gradient-based learning applied to document recognition}},
volume = {86},
year = {1998}
}

@inproceedings{Krizhevsky2012,
author = {Krizhevsky, Alex and Sutskever, Ilya and Hinton, Geoffrey E},
%booktitle = {{Advances in Neural Information Processing Systems}},
booktitle = {{NIPS}},
title = {{Imagenet classification with deep convolutional neural networks}},
year = {2012}
}

@inproceedings{Diehl2015,
author = {Diehl, Peter U and Neil, Daniel and Binas, Jonathan and Cook, Matthew and Liu, Shih-Chii and Pfeiffer, Michael},
%booktitle = {{IEEE Int. Jt. Conf. Neural Networks (IJCNN)}},
booktitle = {{IJCNN}},
title = {{Fast-Classifying, High-Accuracy Spiking Deep Networks Through Weight and Threshold Balancing}},
year = {2015}
}

@inproceedings{Jarrett2009,
author = {Jarrett, Kevin and Kavukcuoglu, Koray},
%booktitle = {{IEEE Int. Conf. Computer Vision}},
booktitle = {{ICCV}},
title = {{What is the best multi-stage architecture for object recognition?}},
year = {2009}
}

@article{Pao1992,
author = {Pao, Yoh-Han and Takefuji, Yoshiyasu},
journal = {Computer},
number = {5},
pages = {76--79},
title = {{Functional-Link Net Computing: Theory, System, Architecture, and Functionalities}},
volume = {25},
year = {1992}
}

@article{Chen1999,
author = {Chen, C L Philip and Wan, John Z},
journal = {IEEE Trans. Systems, Man, and Cybernetics},
number = {1},
pages = {62--72},
title = {{A Rapid Learning and Dynamic Stepwise Updating Algorithm for Flat Neural Networks and the Application to Time-Series Prediction}},
volume = {29},
year = {1999}
}

@article{Wang2008,
author = {Wang, Lipo P and Wan, Chunru R},
journal = {IEEE Trans. Neural Networks},
number = {8},
pages = {1494--1495},
title = {{Comments on ``The extreme learning machine''}},
volume = {19},
year = {2008}
}

@article{Broomhead1988,
author = {Broomhead, D S and Lowe, David},
journal = {Complex Systems},
pages = {321-- 355},
title = {{Multivariable Functional Interpolation and Adaptive Networks}},
volume = {2},
year = {1988}
}

@article{McDonnell2015,
author = {McDonnell, Mark D and Tissera, Migel D and Vladusich, Tony and Van Schaik, Andr{\'{e}} and Tapson, Jonathan},
journal = {PLoS ONE},
number = {8},
pages = {1--20},
title = {{Fast, Simple and Accurate Handwritten Digit Classification by Training Shallow Neural Network Classifiers with the 'Extreme Learning Machine' Algorithm}},
volume = {10},
year = {2015}
}

@article{McDonnell2015a,
archivePrefix = {arXiv},
author = {McDonnell, Mark D and Vladusich, Tony},
eprint = {1503.04596v3},
%journal = {arXiv},
title = {{Enhanced Image Classification With a Fast-Learning Shallow Convolutional Neural Network}},
year = {2015}
}

@book{Fieguth2010,
address = {New York, NY},
author = {Fieguth, Paul},
publisher = {Springer},
title = {{Statistical Image Processing and Multidimensional Modeling}},
year = {2010}
}

@article{Toh2008,
author = {Toh, Kar-Ann},
journal = {Neural Computation},
number = {6},
pages = {1565--95},
title = {{Deterministic neural classification}},
volume = {20},
year = {2008}
}

@article{Crammer2001,
author = {Crammer, Koby and Singer, Yoram},
journal = {Journal of Machine Learning Research (JMLR)},
pages = {265--292},
title = {{On The Algorithmic Implementation of Multiclass Kernel-based Vector Machines}},
volume = {2},
year = {2001}
}

@article{Gutig2014,
author = {G{\"{u}}tig, Robert},
journal = {Current Opinion in Neurobiology},
pages = {134--139},
title = {{To spike, or when to spike?}},
volume = {25},
year = {2014}
}

@article{Cao2014,
author = {Cao, Yongqiang and Chen, Yang and Khosla, Deepak},
journal = {International Journal of Computer Vision},
month = {nov},
number = {1},
pages = {54--66},
title = {{Spiking Deep Convolutional Neural Networks for Energy-Efficient Object Recognition}},
volume = {113},
year = {2014}
}

@article{Esser2016,
archivePrefix = {arXiv},
author = {Esser, Steven K and Merolla, Paul A and Arthur, John V and Cassidy, Andrew S and Appuswamy, Rathinakumar and Andreopoulos, Alexander and Berg, David J and Mckinstry, Jeffrey L and Melano, Timothy and Barch, Davis R and di Nolfo, Carmelo and Datta, Pallab and Amir, Arnon and Taba, Brian and Flickner, Myron D and Modha, Dharmendra S},
eprint = {1603.08270v2},
%journal = {arXiv},
title = {{Convolutional Networks for Fast, Energy-Efficient Neuromorphic Computing}},
year = {2016}
}

@article{Bohte2002,
author = {Bohte, Sander M. and Kok, Joost N. and {La Poutr{\'{e}}}, Han},
journal = {Neurocomputing},
pages = {17--37},
title = {{Error-backpropagation in temporally encoded networks of spiking neurons}},
volume = {48},
year = {2002}
}

@article{OConnor2013,
author = {O'Connor, Peter and Neil, Daniel and Liu, Shih-Chii and Delbruck, Tobi and Pfeiffer, Michael},
journal = {Frontiers in Neuroscience},
month = {jan},
title = {{Real-time classification and sensor fusion with a spiking deep belief network}},
volume = {7},
year = {2013}
}

@article{Neftci2013,
archivePrefix = {arXiv},
author = {Neftci, Emre and Das, Srinjoy and Pedroni, Bruno and Kreutz-Delgado, Kenneth and Cauwenberghs, Gert},
eprint = {1311.0966v3},
journal = {Frontiers in Neuroscience},
number = {272},
title = {{Event-driven contrastive divergence for spiking neuromorphic systems}},
volume = {7},
year = {2013}
}

@article{Eliasmith2012,
author = {Eliasmith, Chris and Stewart, Terrence C and Choo, Xuan and Bekolay, Trevor and DeWolf, Travis and Tang, Charlie and Rasmussen, Daniel},
journal = {Science},
month = {nov},
number = {6111},
pages = {1202--1205},
title = {{A Large-Scale Model of the Functioning Brain}},
volume = {338},
year = {2012}
}

@inproceedings{Netzer2011,
author = {Netzer, Yuval and Wang, Tao and Coates, Adam and Bissacco, Alessandro and Wu, Bo and Ng, Andrew Y},
booktitle = {{NIPS Workshop on Deep Learning and Unsupervised Feature Learning}},
pages = {1--9},
title = {{Reading Digits in Natural Images with Unsupervised Feature Learning}},
year = {2011}
}

@phdthesis{Krizhevsky2009,
author = {Krizhevsky, Alex},
school = {University of Toronto},
title = {{Learning Multiple Layers of Features from Tiny Images}},
type = {Master's thesis},
year = {2009}
}

@article{Russakovsky2015,
author = {Russakovsky, Olga and Deng, Jia and Su, Hao and Krause, Jonathan and Satheesh, Sanjeev and Ma, Sean and Huang, Zhiheng and Karpathy, Andrej and Khosla, Aditya and Bernstein, Michael and Berg, Alexander C and Fei-Fei, Li},
journal = {International Journal of Computer Vision},
number = {3},
pages = {211--252},
title = {{ImageNet Large Scale Visual Recognition Challenge}},
volume = {115},
year = {2015}
}

@article{Lee2015a,
archivePrefix = {arXiv},
author = {Lee, Dong-Hyun and Zhang, Saizheng and Fischer, Asja and Bengio, Yoshua},
eprint = {1412.7525v5},
journal = {Machine Learning and Knowledge Discovery in Databases},
pages = {498--515},
title = {{Difference Target Propagation}},
year = {2015}
}

@article{Lillicrap2014,
archivePrefix = {arXiv},
author = {Lillicrap, Timothy P and Cownden, Daniel and Tweed, Douglas B and Akerman, Colin J},
eprint = {1411.0247v1},
%journal = {arXiv},
title = {{Random feedback weights support learning in deep neural networks}},
year = {2014}
}

@article{Lillicrap2016,
author = {Lillicrap, Timothy P and Cownden, Daniel and Tweed, Douglas B and Akerman, Colin J},
journal = {Nature Communications},
title = {{Random feedback weights support error backpropagation for deep learning}},
year = {2016}
}

@article{Rosasco2004,
author = {Rosasco, Lorenzo and {De Vito}, Ernesto and Caponnetto, Andrea and Piana, Michele and Verri, Alessandro},
journal = {Neural Computation},
number = {5},
pages = {1063--1076},
title = {{Are loss functions all the same?}},
volume = {16},
year = {2004}
}

@phdthesis{Tang2010a,
author = {Tang, Yichuan},
school = {University of Waterloo},
title = {{Robust Visual Recognition Using Multilayer Generative Neural Networks}},
type = {Master's thesis},
year = {2010}
}

@article{Hinton2006a,
author = {Hinton, Geoffrey E and Osindero, S and Teh, Yee-Whye},
journal = {Neural Computation},
number = {7},
pages = {1527--1554},
title = {{A fast learning algorithm for deep belief nets}},
volume = {18},
year = {2006}
}

@article{Huang2006,
author = {Huang, Guang Bin and Zhu, Qin Yu and Siew, Chee Kheong},
journal = {Neurocomputing},
number = {1-3},
pages = {489--501},
title = {{Extreme learning machine: Theory and applications}},
volume = {70},
year = {2006}
}

@article{Zhu2015,
archivePrefix = {arXiv},
author = {Zhu, Wentao and Miao, Jun and Qing, Laiyun},
eprint = {1501.06115v2},
%journal = {arXiv},
title = {{Constrained Extreme Learning Machines: A Study on Classification Cases}},
year = {2015}
}

@article{Knight1972,
author = {Knight, B W},
journal = {The Journal of General Physiology},
number = {6},
pages = {734--766},
title = {{Dynamics of Encoding in a Population of Neurons}},
volume = {59},
year = {1972}
}

@article{Abbott1999,
author = {Abbott, Larry F},
journal = {Brain Research Bulletin},
number = {5-6},
pages = {303--304},
title = {{Lapicque's introduction of the integrate-and-fire model neuron (1907)}},
volume = {50},
year = {1999}
}

@inproceedings{Schmidt1992,
author={Schmidt, W F and Kraaijveld, M A and Duin, R P W},
%booktitle={{11th IAPR Int. Conf. Pattern Recognition}},
booktitle={{ICPR}},
title={Feedforward neural networks with random weights},
year={1992},
pages={1-4},
month={Aug}
}

@inproceedings{Tang2012,
author = {Tang, Yichuan and Salakhutdinov, Ruslan and Hinton, Geoffrey E},
%booktitle = {{Proc. 29th Int. Conf. Machine Learning}},
booktitle = {{ICML}},
title = {{Deep Lambertian Networks}},
year = {2012}
}

@article{Huang2012,
author = {Huang, Guang-Bin and Zhou, Hongming and Ding, Xiaojian and Zhang, Rui},
journal = {IEEE Trans. Systems, Man, and Cybernetics},
number = {2},
pages = {513--29},
title = {{Extreme learning machine for regression and multiclass classification}},
volume = {42},
year = {2012}
}

@inproceedings{Tapson2015,
author = {Tapson, Jonathan and Chazal, Philip De and Van Schaik, Andr{\'{e}}},
booktitle = {{Proc. ELM-2014}},
pages = {41--49},
publisher = {Springer International Publishing},
title = {{Explicit Computation of Input Weights in Extreme Learning Machines}},
year = {2015}
}

@article{Mostafa2016,
archivePrefix = {arXiv},
author = {Mostafa, Hesham},
eprint = {1606.08165v1},
%journal = {arXiv},
title = {{Supervised learning based on temporal coding in spiking neural networks}},
year = {2016}
}

@article{Stromatias2014,
archivePrefix = {arXiv},
eprint = {1407.0265v1},
author = {Stromatias, Evangelos and Marsland, John S},
%journal = {arXiv},
title = {{Supervised learning in Spiking Neural Networks with Limited Precision : SNN/LP}},
year = {2014}
}

@article{Merolla2014,
author = {Merolla, Paul A and Arthur, John V and Alvarez-Icaza, Rodrigo and Cassidy, Andrew S and Sawada, Jun and Akopyan, Filipp and Jackson, Bryan L and Imam, Nabil and Guo, Chen and Nakamura, Yutaka and Brezzo, Bernard and Vo, Ivan and Esser, Steven K and Appuswamy, Rathinakumar and Taba, Brian and Amir, Arnon and Flickner, Myron D and Risk, William P and Manohar, Rajit and Modha, Dharmendra S},
journal = {Science},
number = {6197},
pages = {668--673},
title = {{A million spiking-neuron integrated circuit with a scalable communication network and interface}},
volume = {345},
year = {2014}
}

@article{Benjamin2014,
author = {Benjamin, Ben Varkley and Gao, Peiran and McQuinn, Emmett and Choudhary, Swadesh and Chandrasekaran, Anand R. and Bussat, Jean-Marie and Alvarez-Icaza, Rodrigo and Arthur, John V and Merolla, Paul A and Boahen, Kwabena},
journal = {Proc. IEEE},
number = {5},
pages = {699--716},
title = {{Neurogrid: A mixed-analog-digital multichip system for large-scale neural simulations}},
volume = {102},
year = {2014}
}

@article{Perez-Carrasco2010,
author = {P{\'{e}}rez-Carrasco, J A and Serrano, C and Acha, B and Serrano-Gotarredona, T and Linares-Barranco, B},
%journal = {Proc. Int. Conf. Pattern Recognition},
journal = {ICPR},
number = {1},
pages = {3085--3088},
title = {{Spike-based convolutional network for real-time processing}},
year = {2010}
}

@techreport{Rifkin2007,
author = {Rifkin, Ryan M and Lippert, Ross A},
institution = {Massachusetts Institute of Technology},
number = {MIT-CSAIL-TR-2007-025},
title = {{Notes on regularized least squares}},
year = {2007}
}

@article{Hunsberger2015,
archivePrefix = {arXiv},
author = {Hunsberger, Eric and Eliasmith, Chris},
eprint = {1510.08829v1},
%journal = {arXiv},
title = {{Spiking Deep Networks with LIF Neurons}},
year = {2015}
}

@article{Hunsberger2016,
archivePrefix = {arXiv},
eprint = {1611.05141v1},
author = {Hunsberger, Eric and Eliasmith, Chris},
%journal = {arXiv},
title = {{Training Spiking Deep Networks for Neuromorphic Hardware}},
year = {2016}
}

@article{Lee2016,
archivePrefix = {arXiv},
author = {Lee, Jun Haeng and Delbruck, Tobi and Pfeiffer, Michael},
eprint = {1608.08782v1},
%journal = {arXiv},
title = {{Training Deep Spiking Neural Networks using Backpropagation}},
year = {2016}
}

@article{Huh2017,
archivePrefix = {arXiv},
author = {Huh, Dongsung and Sejnowski, Terrence J},
eprint = {1706.04698v2},
%journal = {arXiv},
title = {{Gradient Descent for Spiking Neural Networks}},
year = {2017}
}

@article{Stromatias2015,
author = {Stromatias, Evangelos and Neil, Daniel and Pfeiffer, Michael and Galluppi, Francesco and Furber, Steve B and Liu, Shih Chii},
journal = {Frontiers in Neuroscience},
pages = {1--14},
title = {{Robustness of spiking Deep Belief Networks to noise and reduced bit precision of neuro-inspired hardware platforms}},
volume = {9},
year = {2015}
}

@article{Siegert1951,
author = {Siegert, Arnold J F},
journal = {Physical Review},
number = {4},
pages = {617--623},
title = {{On the first passage time probability problem}},
volume = {81},
year = {1951}
}

@article{Kreutz-Delgado2015,
archivePrefix = {arXiv},
author = {Kreutz-Delgado, Ken},
eprint = {1501.04032},
%journal = {arXiv},
title = {{Mean Time-to-Fire for the Noisy LIF Neuron - A Detailed Derivation of the Siegert Formula}},
year = {2015}
}

@article{Bengio2015,
archivePrefix = {arXiv},
author = {Bengio, Yoshua and Lee, Dong-Hyun and Bornschein, Jorg and Lin, Zhouhan},
eprint = {1502.04156v2},
%journal = {arXiv},
title = {{Towards Biologically Plausible Deep Learning}},
year = {2015}
}

@article{Grossberg1987,
author = {Grossberg, Stephen},
journal = {Cognitive Science},
pages = {23--63},
title = {{Competitive Learning: From Interactive Activation to Adaptive Resonance}},
volume = {11},
year = {1987}
}

@article{Bogacz2000,
author = {Bogacz, Rafal and Brown, Malcolm W and Giraud-Carrier, Christophe},
%journal = {Proc. IEEE-INNS-ENNS Int. Jt. Conf. Neural Networks},
journal = {IJCNN},
number = {2},
pages = {211--216},
title = {{Frequency-based error back-propagation in a cortical network}},
year = {2000}
}

@article{Marblestone2016,
archivePrefix = {arXiv},
author = {Marblestone, Adam Henry and Wayne, Greg and Kording, Konrad P},
eprint = {1606.03813v1},
journal = {Frontiers in Computational Neuroscience},
number = {September},
pages = {1--61},
title = {{Towards an integration of deep learning and neuroscience}},
volume = {10},
year = {2016}
}

@article{Liao2015,
archivePrefix = {arXiv},
author = {Liao, Qianli and Leibo, Joel Z and Poggio, Tomaso},
eprint = {1510.05067v4},
%journal = {arXiv},
title = {{How Important is Weight Symmetry in Backpropagation?}},
year = {2015}
}

@article{Neftci2017,
archivePrefix = {arXiv},
author = {Neftci, Emre and Augustine, Charles and Paul, Somnath and Detorakis, Georgios},
eprint = {1612.05596v2},
%journal = {arXiv},
title = {{Neuromorphic Deep Learning Machines}},
year = {2017}
}

@article{Baldi2016,
archivePrefix = {arXiv},
author = {Baldi, Pierre and Sadowski, Peter and Lu, Zhiqin},
eprint = {1612.02734v1},
%journal = {arXiv},
title = {{Learning in the Machine: Random Backpropagation and the Learning Channel}},
year = {2016}
}

@article{Zenke2017,
archivePrefix = {arXiv},
author = {Zenke, Friedemann and Ganguli, Surya},
eprint = {1705.11146},
%journal = {arXiv},
title = {{SuperSpike: Supervised learning in multi-layer spiking neural networks}},
year = {2017}
}

@article{Guergiuev2017,
archivePrefix = {arXiv},
author = {Guergiuev, Jordan and Lillicrap, Timothy P and Richards, Blake A},
eprint = {1610.00161v3},
%journal = {arXiv},
title = {{Towards deep learning with segregated dendrites}},
year = {2017}
}

@inproceedings{Nokland2016,
archivePrefix = {arXiv},
author = {N{\o}kland, Arild},
eprint = {1609.01596v5},
%booktitle = {{Advances in Neural Information Processing Systems (NIPS)}},
booktitle = {{NIPS}},
pages = {1037--1045},
title = {{Direct Feedback Alignment Provides Learning in Deep Neural Networks}},
year = {2016}
}

@article{Poole2014,
archivePrefix = {arXiv},
author = {Poole, Ben and Sohl-Dickstein, Jascha and Ganguli, Surya},
eprint = {1406.1831v1},
%journal = {arXiv},
title = {{Analyzing noise in autoencoders and deep networks}},
year = {2014}
}

@article{Karpathy2015,
archivePrefix = {arXiv},
author = {Karpathy, Andrej and Li, Fei Fei},
eprint = {1412.2306v2},
journal = {Proc. IEEE Comp. Soc. Conf. Computer Vision and Pattern Recognition},
pages = {3128--3137},
title = {{Deep Visual-Semantic Alignments for Generating Image Descriptions}},
year = {2015}
}

@inproceedings{Xu2015,
archivePrefix = {arXiv},
author = {Xu, Kelvin and Ba, Jimmy and Kiros, Ryan and Cho, Kyunghyun and Courville, Aaron and Salakhutdinov, Ruslan and Zemel, Richard and Bengio, Yoshua},
%booktitle = {{Proc. 32nd Int. Conf. Machine Learning}},
booktitle = {{ICML}},
eprint = {1502.03044v3},
title = {{Show, Attend and Tell: Neural Image Caption Generation with Visual Attention}},
year = {2015}
}

@inproceedings{Ba2014,
author = {Ba, Lei Jimmy and Caruana, Rich},
%journal = {Advances in Neural Information Processing Systems},
booktitle = {{NIPS}},
pages = {2654--2663},
title = {{Do deep nets really need to be deep?}},
year = {2014}
}

@misc{Karpathy2011,
author = {Karpathy, Andrej},
type = {Personal blog},
title = {{Lessons learned from manually classifying CIFAR-10}},
url = {http://karpathy.github.io/2011/04/27/manually-classifying-cifar10/},
year = {2011}
}

@inproceedings{Springenberg2015,
archivePrefix = {arXiv},
author = {Springenberg, Jost Tobias and Dosovitskiy, Alexey and Brox, Thomas and Riedmiller, Martin},
booktitle = {{ICLR workshops}},
eprint = {1412.6806v3},
pages = {1--14},
title = {{Striving for Simplicity: The All Convolutional Net}},
year = {2015}
}

@article{Graham2015,
archivePrefix = {arXiv},
author = {Graham, Benjamin},
eprint = {1412.6071v4},
%journal = {arXiv},
title = {{Fractional Max-Pooling}},
year = {2015}
}

@article{Graham2014a,
archivePrefix = {arXiv},
author = {Graham, Benjamin},
eprint = {1409.6070v1},
%journal = {arXiv},
title = {{Spatially-sparse convolutional neural networks}},
year = {2014}
}

@inproceedings{Clevert2015a,
archivePrefix = {arXiv},
author = {Clevert, Djork-Arn{\'{e}} and Unterthiner, Thomas and Hochreiter, Sepp},
%booktitle = {{Int. Conf. Learning Representations (ICLR)}},
booktitle = {{ICLR}},
eprint = {1511.07289v5},
title = {{Fast and Accurate Deep Network Learning by Exponential Linear Units (ELUs)}},
year = {2016}
}

@inproceedings{Simonyan2015,
archivePrefix = {arXiv},
author = {Simonyan, Karen and Zisserman, Andrew},
%booktitle = {{Int. Conf. Learning Representations (ICLR)}},
booktitle = {{ICLR}},
eprint = {1409.1556v6},
pages = {1--14},
title = {{Very Deep Convolutional Networks for Large-Scale Image Recognition}},
year = {2015}
}

@article{Szegedy2016,
archivePrefix = {arXiv},
author = {Szegedy, Christian and Ioffe, Sergey and Vanhoucke, Vincent and Alemi, Alex},
eprint = {1602.07261v2},
%journal = {arXiv},
title = {{Inception-v4, Inception-ResNet and the Impact of Residual Connections on Learning}},
year = {2016}
}

@inproceedings{Hinton1983,
author = {Hinton, Geoffrey E and Sejnowski, Terrence J},
booktitle = {{Proc. IEEE Conference on Computer Vision and Pattern Recognition}},
title = {{Optimal Perceptual Inference}},
year = {1983}
}

@inproceedings{Nair2010,
author = {Nair, Vinod and Hinton, Geoffrey E},
%booktitle = {{Proc. 27th Int. Conf. Machine Learning}},
booktitle = {{ICML}},
title = {{Rectified linear units improve restricted boltzmann machines}},
year = {2010}
}

@inproceedings{Vincent2008,
author = {Vincent, Pascal and Larochelle, Hugo and Bengio, Yoshua and Manzagol, Pierre-Antoine},
%booktitle = {{Int. Conf. Machine Learning (ICML)}},
booktitle = {{ICML}},
pages = {1096--1103},
title = {{Extracting and composing robust features with denoising autoencoders}},
year = {2008}
}

@article{Samadi2017,
author = {Samadi, Arash and Lillicrap, Timothy P and Tweed, Douglas B},
journal = {Neural Computation},
number = {3},
pages = {578--602},
title = {{Deep Learning with Dynamic Spiking Neurons and Fixed Feedback Weights}},
volume = {29},
year = {2017}
}

@article{Bengio2017,
author = {Bengio, Yoshua and Mesnard, Thomas and Fischer, Asja and Zhang, Saizheng and Wu, Yuhuai},
journal = {Neural Computation},
number = {3},
pages = {555--577},
title = {{STDP-Compatible Approximation of Backpropagation in an Energy-Based Model}},
volume = {29},
year = {2017}
}

@article{Scellier2017,
archivePrefix = {arXiv},
author = {Scellier, Benjamin and Bengio, Yoshua},
eprint = {1602.05179v5},
journal = {Frontiers in Computational Neuroscience},
number = {24},
pages = {1--13},
title = {{Equilibrium Propagation: Bridging the Gap between Energy-Based Models and Backpropagation}},
volume = {11},
year = {2017}
}

@article{Torralba2008,
author = {Torralba, Antonio and Fergus, Rob and Freeman, William T},
journal = {IEEE Trans. Pattern Analysis and Machine Intelligence},
number = {11},
pages = {1958--1970},
title = {{80 Millions Tiny Images: a Large Dataset for Non-Parametric Object and Scene Recognition}},
volume = {30},
year = {2008}
}

@article{Ioffe2015,
archivePrefix = {arXiv},
author = {Ioffe, Sergey and Szegedy, Christian},
eprint = {1502.03167v3},
%journal = {arXiv},
title = {{Batch Normalization: Accelerating Deep Network Training by Reducing Internal Covariate Shift}},
year = {2015}
}

@article{Waters2005,
author = {Waters, Jack and Schaefer, Andreas and Sakmann, Bert},
journal = {Progress in Biophysics and Molecular Biology},
volume = {87},
pages = {145--170},
title = {{Backpropagating action potentials in neurones: measurement, mechanisms and potential functions}},
year = {2005}
}

@article{Mnih2013,
archivePrefix = {arXiv},
author = {Mnih, Volodymyr and Kavukcuoglu, Koray and Silver, David and Graves, Alex and Antonoglou, Ioannis and Wierstra, Daan and Riedmiller, Martin},
eprint = {1312.5602v1},
%journal = {arXiv},
title = {{Playing Atari with Deep Reinforcement Learning}},
year = {2013}
}

@article{Liu1989,
author = {Liu, Dong C and Nocedal, Jorge},
journal = {Mathematical Programming},
pages = {503--528},
title = {{On the limited memory BFGS method for large scale optimization}},
volume = {45},
year = {1989}
}

@article{Bekolay2014,
author = {Bekolay, Trevor and Bergstra, James and Hunsberger, Eric and Dewolf, Travis and Stewart, Terrence C and Rasmussen, Daniel and Choo, Xuan and Voelker, Aaron Russell and Eliasmith, Chris},
journal = {Frontiers in Neuroinformatics},
pages = {48},
title = {{Nengo: a Python tool for building large-scale functional brain models}},
volume = {7},
year = {2014}
}

@article{Bi1998,
author = {Bi, Guo-qiang and Poo, Mu-ming},
journal = {The Journal of Neuroscience},
number = {24},
pages = {10464--10472},
title = {{Synaptic Modifications in Cultured Hippocampal Neurons: Dependence on Spike Timing, Synaptic Strength, and Postsynaptic Cell Type}},
volume = {18},
year = {1998}
}

@misc{Hinton2007,
author = {Hinton, Geoffrey E},
title = {{How to do backpropagation in a brain}},
type = {{Invited talk at the NIPS 2007 Deep Learning Workshop}},
url = {https://www.cs.toronto.edu/~hinton/backpropincortex2007.pdf},
year = {2007}
}

@article{BlausenNeuron,
author = {Blausen.com},
year = {2014},
title = {{Medical gallery of Blausen Medical}},
journal = {WikiJournal of Medicine},
number = {1},
volume = {2},
doi = {10.15347/wjm/2014.010}
}

@book{Kandel2012,
address = {New York},
author = {Kandel, Eric R and Schwartz, James H and Jessell, Thomas M and Siegelbaum, Steven A and Hudspeth, A J},
edition = {5th},
publisher = {McGraw-Hill},
title = {{Principles of Neural Science}},
year = {2012}
}

@inproceedings{He2015,
archivePrefix = {arXiv},
eprint = {1502.01852v1},
author = {He, Kaiming and Zhang, Xiangyu and Ren, Shaoqing and Sun, Jian},
%booktitle = {{Proc. IEEE Int. Conf. Computer Vision}},
booktitle = {{ICCV}},
pages = {1026--1034},
title = {{Delving deep into rectifiers: Surpassing human-level performance on imagenet classification}},
year = {2015}
}

@article{Markram2015,
author = {Markram, Henry and Muller, Eilif and Ramaswamy, Srikanth and Reimann, Michael W. and Abdellah, Marwan and Sanchez, Carlos Aguado and Ailamaki, Anastasia and Alonso-Nanclares, Lidia and Antille, Nicolas and Arsever, Selim and Kahou, Guy Antoine Atenekeng and Berger, Thomas K. and Bilgili, Ahmet and Buncic, Nenad and Chalimourda, Athanassia and Chindemi, Giuseppe and Courcol, Jean Denis and Delalondre, Fabien and Delattre, Vincent and Druckmann, Shaul and Dumusc, Raphael and Dynes, James and Eilemann, Stefan and Gal, Eyal and Gevaert, Michael Emiel and Ghobril, Jean Pierre and Gidon, Albert and Graham, Joe W. and Gupta, Anirudh and Haenel, Valentin and Hay, Etay and Heinis, Thomas and Hernando, Juan B. and Hines, Michael and Kanari, Lida and Keller, Daniel and Kenyon, John and Khazen, Georges and Kim, Yihwa and King, James G. and Kisvarday, Zoltan and Kumbhar, Pramod and Lasserre, S{\'{e}}bastien and {Le B{\'{e}}}, Jean Vincent and Magalh{\~{a}}es, Bruno R.C. and Merch{\'{a}}n-P{\'{e}}rez, Angel and Meystre, Julie and Morrice, Benjamin Roy and Muller, Jeffrey and Mu{\~{n}}oz-C{\'{e}}spedes, Alberto and Muralidhar, Shruti and Muthurasa, Keerthan and Nachbaur, Daniel and Newton, Taylor H. and Nolte, Max and Ovcharenko, Aleksandr and Palacios, Juan and Pastor, Luis and Perin, Rodrigo and Ranjan, Rajnish and Riachi, Imad and Rodr{\'{i}}guez, Jos{\'{e}} Rodrigo and Riquelme, Juan Luis and R{\"{o}}ssert, Christian and Sfyrakis, Konstantinos and Shi, Ying and Shillcock, Julian C. and Silberberg, Gilad and Silva, Ricardo and Tauheed, Farhan and Telefont, Martin and Toledo-Rodriguez, Maria and Tr{\"{a}}nkler, Thomas and {Van Geit}, Werner and D{\'{i}}az, Jafet Villafranca and Walker, Richard and Wang, Yun and Zaninetta, Stefano M. and Defelipe, Javier and Hill, Sean L. and Segev, Idan and Sch{\"{u}}rmann, Felix},
journal = {Cell},
number = {2},
pages = {456--492},
title = {{Reconstruction and Simulation of Neocortical Microcircuitry}},
volume = {163},
year = {2015}
}

@book{Koch1999,
address = {New York, NY},
author = {Koch, Christof},
pages = {335--340},
publisher = {Oxford University Press},
title = {{Biophysics of computation: Information processing in single neurons}},
year = {1999}
}

@article{Gerstner1997,
author = {Gerstner, Wulfram and Kreiter, Andreas K and Markram, Henry and Herz, Andreas V M},
%journal = {Proc. National Academy of Sciences (PNAS)},
journal = {PNAS},
number = {24},
pages = {12740--12741},
title = {{Neural codes: Firing rates and beyond}},
volume = {94},
year = {1997}
}

@article{Chase2006,
author = {Chase, Steven M and Young, Eric D},
journal = {Journal of Neuroscience},
number = {15},
pages = {3889--3898},
title = {{Spike-Timing Codes Enhance the Representation of Multiple Simultaneous Sound-Localization Cues in the Inferior Colliculus}},
volume = {26},
year = {2006}
}

@book{Dayan2001,
address = {Cambridge, MA},
author = {Dayan, Peter and Abbott, Larry F},
publisher = {MIT Press},
title = {{Theoretical neuroscience: Computational and mathematical modeling of neural systems}},
year = {2001}
}

@article{Hunsberger2014,
author = {Hunsberger, Eric and Scott, Matthew and Eliasmith, Chris},
journal = {Neural Computation},
pages = {1600--1623},
title = {{The Competing Benefits of Noise and Heterogeneity in Neural Coding}},
volume = {26},
year = {2014}
}

@article{Mead1990,
author = {Mead, Carver},
journal = {Proc. IEEE},
number = {10},
pages = {1629--1636},
title = {{Neuromorphic Electronic Systems}},
volume = {78},
year = {1990}
}

@article{Furber2013,
author = {Furber, Steve B and Lester, David R and Plana, Luis A and Garside, Jim D and Painkras, Eustace and Temple, Steve and Brown, Andrew D},
journal = {IEEE Trans. Computers},
number = {12},
pages = {2454--2467},
title = {{Overview of the SpiNNaker system architecture}},
volume = {62},
year = {2013}
}

@article{Martens2010,
author = {Martens, James},
%journal = {27th Int. Conf. Machine Learning},
journal = {ICML},
pages = {735--742},
title = {{Deep learning via Hessian-free optimization}},
volume = {951},
year = {2010}
}

@article{Polyak1964,
author = {Polyak, B T},
journal = {USSR Computational Mathematics and Mathematical Physics},
number = {5},
pages = {791--803},
title = {{Some methods of speeding up the convergence of iteration methods}},
volume = {4},
year = {1964}
}

@article{Dauphin2014,
archivePrefix = {arXiv},
author = {Dauphin, Yann and Pascanu, Razvan and Gulcehre, Caglar and Cho, Kyunghyun and Ganguli, Surya and Bengio, Yoshua},
eprint = {1406.2572v1},
%journal = {arXiv},
title = {{Identifying and attacking the saddle point problem in high-dimensional non-convex optimization}},
year = {2014}
}

@inproceedings{Sutskever2013,
author = {Sutskever, Ilya and Martens, James and Dahl, George E and Hinton, Geoffrey E},
%booktitle = {{Proc. Int. Conf. Machine Learning (ICML)}},
booktitle = {{ICML}},
pages = {1139--1147},
title = {{On the importance of initialization and momentum in deep learning}},
volume = {28},
year = {2013}
}

@article{Ruder2016,
archivePrefix = {arXiv},
author = {Ruder, Sebastian},
eprint = {1609.04747v2},
%journal = {arXiv},
title = {{An overview of gradient descent optimization algorithms}},
year = {2016}
}

@inproceedings{Glorot2010,
author = {Glorot, Xavier and Bengio, Yoshua},
%journal = {Proc. 13th Int. Conf. Artificial Intelligence and Statistics (AISTATS)},
booktitle = {{AISTATS}},
pages = {249--256},
title = {{Understanding the difficulty of training deep feedforward neural networks}},
volume = {9},
year = {2010}
}

@inproceedings{Mishkin2016,
archivePrefix = {arXiv},
eprint = {1511.06422v7},
author = {Mishkin, Dmytro and Matas, Jiri},
%booktitle = {{Int. Conf. Learning Representations (ICLR)}},
booktitle = {{ICLR}},
pages = {1--13},
title = {{All you need is a good init}},
year = {2016}
}

@inproceedings{Goodfellow2013,
archivePrefix = {arXiv},
eprint = {1302.4389v4},
author = {Goodfellow, Ian J and Warde-Farley, David and Mirza, Mehdi and Courville, Aaron and Bengio, Yoshua},
%booktitle = {{Proc. 30th Int. Conf. Machine Learning (ICML)}},
booktitle = {{ICML}},
title = {{Maxout networks}},
year = {2013}
}

@article{Hinton2012,
archivePrefix = {arXiv},
eprint = {1207.0580v1},
author = {Hinton, Geoffrey E and Srivastava, N and Krizhevsky, A and Sutskever, I and Salakhutdinov, Ruslan},
%journal = {arXiv},
title = {{Improving neural networks by preventing co-adaptation of feature detectors}},
year = {2012}
}

@inproceedings{Baldi2013,
author = {Baldi, Pierre and Sadowski, Peter J},
%booktitle = {{Advances in Neural Information Processing Systems 26 (NIPS 2013)}},
booktitle = {{NIPS}},
title = {{Understanding Dropout}},
year = {2013}
}

@article{Warde-Farley2013,
archivePrefix = {arXiv},
eprint = {1312.6197v2},
author = {Warde-Farley, David and Goodfellow, Ian J and Courville, Aaron and Bengio, Yoshua},
%journal = {arXiv},
title = {{An empirical analysis of dropout in piecewise linear networks}},
year = {2013}
}

@inproceedings{Ciresan2012,
archivePrefix = {arXiv},
eprint = {1202.2745v1},
author = {Cire{\c{s}}an, Dan and Meier, Ueli and Schmidhuber, Juergen},
%journal = {Int. Conf. of Pattern Recognition},
booktitle = {{ICPR}},
pages = {3642--3649},
title = {{Multi-column Deep Neural Networks for Image Classification}},
year = {2012}
}

@article{Srivastava2014,
author = {Srivastava, Nitish and Hinton, Geoffrey E and Krizhevsky, Alex and Sutskever, Ilya and Salakhutdinov, Ruslan},
journal = {Journal of Machine Learning Research},
pages = {1929--1958},
title = {{Dropout: A Simple Way to Prevent Neural Networks from Overfitting}},
volume = {15},
year = {2014}
}

@inproceedings{Kingma2015,
archivePrefix = {arXiv},
author = {Kingma, Diederik P and Ba, Jimmy},
eprint = {1412.6980v8},
%booktitle = {{Int. Conf. Machine Learning}},
booktitle = {{ICML}},
title = {{Adam: A Method for Stochastic Optimization}},
year = {2015}
}

@book{Pao1989,
address = {Reading, MA},
author = {Pao, Yoh-Han},
publisher = {Addison-Wesley},
title = {{Adaptive Pattern Recognition and Neural Networks}},
year = {1989}
}

@article{Mel1994,
author = {Mel, Bartlett W},
journal = {Neural Computation},
number = {6},
pages = {1031--1085},
title = {{Information Processing in Dendritic Trees}},
volume = {6},
year = {1994}
}

@article{Polsky2004,
author = {Polsky, Alon and Mel, Bartlett W and Schiller, Jackie},
journal = {Nature Neuroscience},
number = {6},
pages = {621--7},
title = {{Computational subunits in thin dendrites of pyramidal cells}},
volume = {7},
year = {2004}
}

@article{Burnstock2004,
author = {Burnstock, Geoffrey},
journal = {Current Opinion in Pharmacology},
pages = {47--52},
title = {{Cotransmission}},
volume = {4},
year = {2004}
}

@article{Kruger2013,
author = {Kr{\"{u}}ger, Norbert and Janssen, Peter and Kalkan, Sinan and Lappe, Markus and Leonardis, Ales and Piater, Justus and Rodr{\'{i}}guez-S{\'{a}}nchez, Antionio J and Wiskott, Laurenz},
journal = {IEEE Trans. Pattern Analysis and Machine Intelligence},
number = {8},
pages = {1847--1871},
title = {{Deep Hierarchies in the Primate Visual Cortex: What Can We Learn For Computer Vision?}},
volume = {35},
year = {2013}
}

@article{Johnston1996,
author = {Johnston, Daniel and Magee, Jeffrey C and Colbert, Costa M and Christie, Brian R},
journal = {Annual Review of Neuroscience},
number = {1},
pages = {165--186},
title = {{Active Properties of Neuronal Dendrites}},
volume = {19},
year = {1996}
}

@article{Dozat2016,
author = {Dozat, Timothy},
journal = {ICLR Workshop},
title = {{Incorporating Nesterov Momentum into Adam}},
year = {2016}
}

@article{Goodale1992,
author = {Goodale, Melvyn A and Milner, A David},
journal = {Trends in Neurosciences},
number = {1},
pages = {20--25},
title = {{Separate visual pathways for perception and action}},
volume = {15},
year = {1992}
}

@article{Felleman1991,
author = {Felleman, Daniel J and {Van Essen}, David C},
journal = {Cerebral Cortex},
number = {1},
pages = {1--47},
title = {{Distributed hierarchical processing in the primate cerebral cortex}},
volume = {1},
year = {1991}
}

@article{Nassi2009,
author = {Nassi, Jonathan J and Callaway, Edward M},
journal = {Nature Reviews Neuroscience},
number = {5},
pages = {360--72},
title = {{Parallel processing strategies of the primate visual system}},
volume = {10},
year = {2009}
}

@article{Vigeland2013,
author = {Vigeland, Leif E and Contreras, Diego and Palmer, Larry A},
journal = {The Journal of Neuroscience},
number = {5},
pages = {1887--96},
title = {{Synaptic mechanisms of temporal diversity in the lateral geniculate nucleus of the thalamus}},
volume = {33},
year = {2013}
}

@article{Adelson1985,
author = {Adelson, Edward H and Bergen, James R},
% journal = {J. Opt. Soc. Am. A},
journal = {Journal of the Optical Society of America A},
number = {2},
pages = {284--99},
title = {{Spatiotemporal energy models for the perception of motion}},
volume = {2},
year = {1985}
}

@article{Bergstra2012,
author = {Bergstra, James and Bengio, Yoshua},
journal = {Journal of Machine Learning Research},
pages = {281--305},
title = {{Random Search for Hyper-Parameter Optimization}},
volume = {13},
year = {2012}
}

@article{Eliasmith1999,
author = {Eliasmith, Chris and Anderson, Charles H},
journal = {Neurocomputing},
pages = {1013--1018},
title = {{Developing and applying a toolkit from a general neurocomputational framework}},
volume = {26},
year = {1999}
}

@inproceedings{McKennoch2006,
author = {McKennoch, Sam and Liu, Dingding and Bushnell, Linda G},
%booktitle = {{Int. Jt. Conf. Neural Networks}},
booktitle = {{IJCNN}},
title = {{Fast Modifications of the SpikeProp Algorithm}},
year = {2006}
}

@article{Oja1982,
author = {Oja, Erkki},
journal = {Journal of Mathematical Biology},
pages = {267--273},
title = {{Simplified neuron model as a principal component analyzer}},
volume = {15},
year = {1982}
}

@article{MacNeil2011,
author = {MacNeil, David and Eliasmith, Chris},
journal = {PLoS One},
number = {9},
title = {{Fine-Tuning and the Stability of Recurrent Neural Networks}},
volume = {6},
year = {2011}
}

@inproceedings{Bekolay2013,
author = {Bekolay, Trevor and Kolbeck, Carter and Eliasmith, Chris},
booktitle = {{Proc. 35th Ann. Conf. of the Cognitive Science Society}},
pages = {169--174},
title = {{Simultaneous unsupervised and supervised learning of cognitive functions in biologically plausible spiking neural networks}},
year = {2013}
}

@article{Redgrave1999,
author = {Redgrave, P and Prescott, T J and Gurney, K},
journal = {Neuroscience},
number = {4},
pages = {1009--1023},
title = {{The Basal Ganglia: a Vertebrate Solution To the Selection Problem?}},
volume = {89},
year = {1999}
}

@article{Zambrano2017,
archivePrefix = {arXiv},
author = {Zambrano, Davide and Nusselder, Roeland and Scholte, H Steven and Boht{\'{e}}, Sander},
eprint = {1710.04838v1},
%journal = {arXiv},
title = {{Efficient Computation in Adaptive Artificial Spiking Neural Networks}},
year = {2017}
}

@inproceedings{Hunsberger2017,
  title={{Deep learning in spiking LIF neurons}},
  author={Hunsberger, Eric and Eliasmith, Chris},
  booktitle={{Cosyne Abstracts}},
  address={Salt Lake City USA},
  year={2017}
}

@techreport{Papert1966,
author = {Papert, Seymour},
institution = {Artificial Intelligence Group, Massachusetts Institute of Technology},
number = {100},
title = {{The Summer Vision Project}},
type = {{Vision Memo.}},
year = {1966}
}

@article{Olshausen1996,
author = {Olshausen, Bruno A and Field, David J},
journal = {Nature},
pages = {607--609},
title = {{Emergence of simple-cell receptive field properties by learning a sparse code for natural images}},
volume = {381},
year = {1996}
}

@article{Manwani1999,
author = {Manwani, Amit and Koch, Christof},
journal = {Neural Computation},
number = {8},
pages = {1797--1829},
title = {{Detecting and Estimating Signals in Noisy Cable Structures, I: Neuronal Noise Sources}},
volume = {11},
year = {1999}
}

@book{Bishop2006,
address = {New York, NY},
author = {Bishop, Christopher M},
publisher = {Springer},
title = {{Pattern Recognition and Machine Learning}},
year = {2006}
}
